<collection xmlns="http://www.loc.gov/MARC21/slim"><record><leader>00808nam  2200217   450</leader><controlfield tag="001">222</controlfield><controlfield tag="003">http://montalegre.opacnet.com/OPAC/default.aspx?ContentAreaControl=ShowRegHoldings.ascx&amp;RegNo=16662</controlfield><datafield tag="095" ind1=" " ind2=" "><subfield code="a">PTBN00056606</subfield></datafield><datafield tag="100" ind1=" " ind2=" "><subfield code="a">20061013d1978    m  y0pora0103    ba</subfield></datafield><datafield tag="101" ind1="1" ind2=" "><subfield code="a">por</subfield><subfield code="c">eng</subfield></datafield><datafield tag="102" ind1=" " ind2=" "><subfield code="a">PT</subfield></datafield><datafield tag="200" ind1="1" ind2=" "><subfield code="a">&lt;A &gt;vida amorosa de Moll Flanders</subfield><subfield code="f">Daniel Defoe</subfield><subfield code="g">trad. Fernanda Pinto Rodrigues</subfield></datafield><datafield tag="210" ind1=" " ind2=" "><subfield code="a">Mem Martins</subfield><subfield code="c">Europa-América</subfield><subfield code="d">[D.L. 1978]</subfield></datafield><datafield tag="215" ind1=" " ind2=" "><subfield code="a">265 p.</subfield><subfield code="d">18 cm</subfield></datafield><datafield tag="225" ind1="2" ind2=" "><subfield code="v">188</subfield><subfield code="a">Livros de Bolso</subfield></datafield><datafield tag="304" ind1=" " ind2=" "><subfield code="a">Tít. orig.: The fortunes and misfortunes of the famous Moll Flanders</subfield></datafield><datafield tag="675" ind1=" " ind2=" "><subfield code="a">821</subfield><subfield code="v">BN</subfield><subfield code="z">por</subfield></datafield><datafield tag="700" ind1=" " ind2="1"><subfield code="a">Defoe</subfield><subfield code="b">Daniel</subfield><subfield code="f">1660-1731</subfield><subfield code="3">47152</subfield></datafield><datafield tag="702" ind1=" " ind2="1"><subfield code="a">Rodrigues</subfield><subfield code="b">Fernanda Pinto</subfield><subfield code="4">730</subfield><subfield code="3">25230</subfield></datafield><datafield tag="801" ind1=" " ind2="0"><subfield code="a">PT</subfield><subfield code="b">Biblioteca Municipal de Montalegre</subfield><subfield code="g">RPC</subfield></datafield><datafield tag="856" ind1=" " ind2=" "><subfield code="u">locateMedia.asp?cod=20060510144804&amp;ext=jpg</subfield><subfield code="z">CAPA</subfield></datafield><datafield tag="909" ind1="&#9;" ind2=" "><subfield code="a">1</subfield></datafield><datafield tag="966" ind1=" " ind2=" "><subfield code="a">0005185</subfield><subfield code="l">BMM</subfield><subfield code="s">SCG 821 DEF vid 188</subfield></datafield></record></collection>